@article{acemoglu2012network,
  title={The network origins of aggregate fluctuations},
  author={Acemoglu, Daron and Carvalho, Vasco M and Ozdaglar, Asuman and Tahbaz-Salehi, Alireza},
  journal={Econometrica},
  volume={80},
  number={5},
  pages={1977--2016},
  year={2012},
  publisher={Wiley Online Library}
}

@article{burgess2012political,
  title={The political economy of deforestation in the tropics},
  author={Burgess, Robin and Hansen, Matthew and Olken, Benjamin A and Potapov, Peter and Sieber, Stefanie},
  journal={The Quarterly journal of economics},
  volume={127},
  number={4},
  pages={1707--1754},
  year={2012},
  publisher={MIT Press}
}

@article{abman2020does,
  title={Does free trade increase deforestation? The effects of regional trade agreements},
  author={Abman, Ryan and Lundberg, Clark},
  journal={Journal of the Association of Environmental and Resource Economists},
  volume={7},
  number={1},
  pages={35--72},
  year={2020},
  publisher={The University of Chicago Press Chicago, IL}
}

@article{hanna2010us,
  title={US environmental regulation and FDI: evidence from a panel of US-based multinational firms},
  author={Hanna, Rema},
  journal={American Economic Journal: Applied Economics},
  volume={2},
  number={3},
  pages={158--189},
  year={2010},
  publisher={American Economic Association}
}

@article{tanaka2022north,
  title={North-South displacement effects of environmental regulation: The case of battery recycling},
  author={Tanaka, Shinsuke and Teshima, Kensuke and Verhoogen, Eric},
  journal={American Economic Review: Insights},
  volume={4},
  number={3},
  pages={271--288},
  year={2022},
  publisher={American Economic Association 2014 Broadway, Suite 305, Nashville, TN 37203}
}

@article{harstad2023contingent,
  title={Contingent Trade Agreements},
  author={Harstad, Bard},
  journal={Manuscript, Stanford Univ},
  year={2023}
}

@article{barrot2016input,
  title={Input specificity and the propagation of idiosyncratic shocks in production networks},
  author={Barrot, Jean-No{\"e}l and Sauvagnat, Julien},
  journal={The Quarterly Journal of Economics},
  volume={131},
  number={3},
  pages={1543--1592},
  year={2016},
  publisher={MIT Press}
}

@article{carvalho2021supply,
  title={Supply chain disruptions: Evidence from the great east japan earthquake},
  author={Carvalho, Vasco M and Nirei, Makoto and Saito, Yukiko U and Tahbaz-Salehi, Alireza},
  journal={The Quarterly Journal of Economics},
  volume={136},
  number={2},
  pages={1255--1321},
  year={2021},
  publisher={Oxford University Press}
}

@article{huneeus2018production,
  title={Production network dynamics and the propagation of shocks},
  author={Huneeus, Federico},
  journal={Graduate thesis, Princeton University, Princeton, NJ},
  pages={52},
  year={2018}
}